<record><leader>00000cas a2200000 a 4500</leader><controlfield tag="001">19278747</controlfield><controlfield tag="008">890228d18851889nyuwr ne      0    0eng c</controlfield><datafield ind1=" " ind2=" " tag="010"><subfield code="a">sn 88073013 </subfield></datafield><datafield ind1=" " ind2=" " tag="040"><subfield code="a">YOX</subfield><subfield code="b">eng</subfield><subfield code="c">YOX</subfield><subfield code="d">NYS</subfield><subfield code="d">OCLCQ</subfield><subfield code="d">NYS</subfield><subfield code="d">KRTAS</subfield><subfield code="d">OCLCQ</subfield><subfield code="d">OCLCF</subfield><subfield code="d">OCLCO</subfield></datafield><datafield ind1="1" ind2=" " tag="029"><subfield code="a">AU@</subfield><subfield code="b">000020545324</subfield></datafield><datafield ind1=" " ind2=" " tag="042"><subfield code="a">pcc</subfield></datafield><datafield ind1=" " ind2=" " tag="043"><subfield code="a">n-us-ny</subfield></datafield><datafield ind1="0" ind2=" " tag="130"><subfield code="a">Richmond County sentinel (Staten Island, New York, N.Y. : 1885)</subfield></datafield><datafield ind1="1" ind2="0" tag="245"><subfield code="a">Richmond County sentinel.</subfield></datafield><datafield ind1="1" ind2="3" tag="246"><subfield code="a">Sentinel</subfield><subfield code="f">&lt;Feb. 23, 1889-Oct. 26, 1889&gt;</subfield></datafield><datafield ind1="1" ind2="7" tag="246"><subfield code="a">Gazette and Sentinel</subfield></datafield><datafield ind1=" " ind2=" " tag="260"><subfield code="a">New Brighton, N.Y. :</subfield><subfield code="b">W.A. Suydam,</subfield><subfield code="c">1885-[1889]</subfield></datafield><datafield ind1=" " ind2=" " tag="300"><subfield code="a">v. :</subfield><subfield code="b">ill. ;</subfield><subfield code="c">70 cm.</subfield></datafield><datafield ind1=" " ind2=" " tag="310"><subfield code="a">Weekly</subfield></datafield><datafield ind1="0" ind2=" " tag="362"><subfield code="a">Vol. 8, no. 1 (Aug. 15, 1885)-</subfield></datafield><datafield ind1="1" ind2=" " tag="362"><subfield code="a">Ceased in 1889?</subfield></datafield><datafield ind1=" " ind2=" " tag="500"><subfield code="a">"The leading Republican newspaper of the North Shore of Staten Island.</subfield></datafield><datafield ind1=" " ind2=" " tag="500"><subfield code="a">Born in Brooklyn, Suydam moved to Staten Island in 1882, purchased the Gazette and Sentinel, and edited it --"fearlessly," according to a major competitor--for the next 26 years." Cf. Staten Island Historical Society, Staten Island Historian, Summer-Fall 1986, "The Press on Staten Island, 1800-1986," by Charles L. Sachs.</subfield></datafield><datafield ind1=" " ind2=" " tag="500"><subfield code="a">"The Gazette and Sentinel" in small letters on masthead &lt;1896&gt;.</subfield></datafield><datafield ind1=" " ind2=" " tag="530"><subfield code="a">Available on microfilm from New York Public Library and Staten Island Institute of Arts and Sciences.</subfield></datafield><datafield ind1=" " ind2=" " tag="588"><subfield code="a">Latest issue consulted: (Dec. 7, 1889).</subfield></datafield><datafield ind1=" " ind2="0" tag="651"><subfield code="a">Staten Island (New York, N.Y.)</subfield><subfield code="v">Newspapers.</subfield></datafield><datafield ind1=" " ind2="0" tag="651"><subfield code="a">Richmond County (N.Y.)</subfield><subfield code="v">Newspapers.</subfield></datafield><datafield ind1=" " ind2="0" tag="651"><subfield code="a">New York (N.Y.)</subfield><subfield code="v">Newspapers.</subfield></datafield><datafield ind1=" " ind2="4" tag="651"><subfield code="a">New Brighton (New York, N.Y.)</subfield><subfield code="v">Newspapers.</subfield></datafield><datafield ind1=" " ind2="7" tag="655"><subfield code="a">Newspapers.</subfield><subfield code="2">fast</subfield><subfield code="0">(OCoLC)fst01423814</subfield></datafield><datafield ind1=" " ind2="7" tag="651"><subfield code="a">New York (State)</subfield><subfield code="z">New York.</subfield><subfield code="2">fast</subfield><subfield code="0">(OCoLC)fst01204333</subfield></datafield><datafield ind1=" " ind2="7" tag="651"><subfield code="a">New York (State)</subfield><subfield code="z">New York</subfield><subfield code="z">Staten Island.</subfield><subfield code="2">fast</subfield><subfield code="0">(OCoLC)fst01312784</subfield></datafield><datafield ind1=" " ind2="7" tag="651"><subfield code="a">New York (State)</subfield><subfield code="z">Richmond County.</subfield><subfield code="2">fast</subfield><subfield code="0">(OCoLC)fst01246820</subfield></datafield><datafield ind1=" " ind2=" " tag="752"><subfield code="a">United States</subfield><subfield code="b">New York</subfield><subfield code="c">Richmond.</subfield></datafield><datafield ind1="0" ind2="1" tag="780"><subfield code="t">Richmond County gazette, and Staten Island gazette and sentinel</subfield><subfield code="w">(DLC)sn 88073011</subfield><subfield code="w">(OCoLC)19278686</subfield></datafield><datafield ind1=" " ind2=" " tag="938"><subfield code="a">Kirtas Technologies, Inc.</subfield><subfield code="b">KRTS</subfield><subfield code="n">740249</subfield></datafield></record>